%YAML 1.1
%TAG !u! tag:unity3d.com,2011:
--- !u!1 &3993650743190356999
GameObject:
  m_ObjectHideFlags: 0
  m_CorrespondingSourceObject: {fileID: 0}
  m_PrefabInstance: {fileID: 0}
  m_PrefabAsset: {fileID: 0}
  serializedVersion: 6
  m_Component:
  - component: {fileID: 8715959750831027269}
  m_Layer: 0
  m_Name: HeadLockOn
  m_TagString: HeadLockOn
  m_Icon: {fileID: 0}
  m_NavMeshLayer: 0
  m_StaticEditorFlags: 0
  m_IsActive: 1
--- !u!4 &8715959750831027269
Transform:
  m_ObjectHideFlags: 0
  m_CorrespondingSourceObject: {fileID: 0}
  m_PrefabInstance: {fileID: 0}
  m_PrefabAsset: {fileID: 0}
  m_GameObject: {fileID: 3993650743190356999}
  m_LocalRotation: {x: 0, y: 0, z: 0, w: 1}
  m_LocalPosition: {x: 0, y: 0, z: 0}
  m_LocalScale: {x: 1, y: 1, z: 1}
  m_Children: []
  m_Father: {fileID: 5425282834960032270}
  m_RootOrder: 0
  m_LocalEulerAnglesHint: {x: 0, y: 0, z: 0}
--- !u!1 &5425282833184250044
GameObject:
  m_ObjectHideFlags: 0
  m_CorrespondingSourceObject: {fileID: 0}
  m_PrefabInstance: {fileID: 0}
  m_PrefabAsset: {fileID: 0}
  serializedVersion: 6
  m_Component:
  - component: {fileID: 5425282833184250047}
  - component: {fileID: 5425282833184250043}
  - component: {fileID: 5425282833184250040}
  - component: {fileID: 5425282833184250041}
  - component: {fileID: 5425282833184250046}
  m_Layer: 0
  m_Name: L_Arm
  m_TagString: Untagged
  m_Icon: {fileID: 0}
  m_NavMeshLayer: 0
  m_StaticEditorFlags: 0
  m_IsActive: 1
--- !u!4 &5425282833184250047
Transform:
  m_ObjectHideFlags: 0
  m_CorrespondingSourceObject: {fileID: 0}
  m_PrefabInstance: {fileID: 0}
  m_PrefabAsset: {fileID: 0}
  m_GameObject: {fileID: 5425282833184250044}
  m_LocalRotation: {x: -0, y: -0, z: -0.13052596, w: 0.99144495}
  m_LocalPosition: {x: -0.5887492, y: 1.5, z: -0.028944016}
  m_LocalScale: {x: 1, y: 1, z: 1}
  m_Children: []
  m_Father: {fileID: 5425282834993646765}
  m_RootOrder: 2
  m_LocalEulerAnglesHint: {x: 0, y: 0, z: -15.000001}
--- !u!33 &5425282833184250043
MeshFilter:
  m_ObjectHideFlags: 0
  m_CorrespondingSourceObject: {fileID: 0}
  m_PrefabInstance: {fileID: 0}
  m_PrefabAsset: {fileID: 0}
  m_GameObject: {fileID: 5425282833184250044}
  m_Mesh: {fileID: 0}
--- !u!23 &5425282833184250040
MeshRenderer:
  m_ObjectHideFlags: 0
  m_CorrespondingSourceObject: {fileID: 0}
  m_PrefabInstance: {fileID: 0}
  m_PrefabAsset: {fileID: 0}
  m_GameObject: {fileID: 5425282833184250044}
  m_Enabled: 1
  m_CastShadows: 1
  m_ReceiveShadows: 1
  m_DynamicOccludee: 1
  m_MotionVectors: 1
  m_LightProbeUsage: 1
  m_ReflectionProbeUsage: 1
  m_RenderingLayerMask: 1
  m_RendererPriority: 0
  m_Materials:
  - {fileID: 2100000, guid: 3e5fb3ac40af21f4eaaf742f2f42f2eb, type: 2}
  m_StaticBatchInfo:
    firstSubMesh: 0
    subMeshCount: 0
  m_StaticBatchRoot: {fileID: 0}
  m_ProbeAnchor: {fileID: 0}
  m_LightProbeVolumeOverride: {fileID: 0}
  m_ScaleInLightmap: 1
  m_ReceiveGI: 1
  m_PreserveUVs: 0
  m_IgnoreNormalsForChartDetection: 0
  m_ImportantGI: 0
  m_StitchLightmapSeams: 1
  m_SelectedEditorRenderState: 2
  m_MinimumChartSize: 4
  m_AutoUVMaxDistance: 0.5
  m_AutoUVMaxAngle: 89
  m_LightmapParameters: {fileID: 0}
  m_SortingLayerID: 0
  m_SortingLayer: 0
  m_SortingOrder: 0
--- !u!114 &5425282833184250041
MonoBehaviour:
  m_ObjectHideFlags: 0
  m_CorrespondingSourceObject: {fileID: 0}
  m_PrefabInstance: {fileID: 0}
  m_PrefabAsset: {fileID: 0}
  m_GameObject: {fileID: 5425282833184250044}
  m_Enabled: 1
  m_EditorHideFlags: 0
  m_Script: {fileID: 11500000, guid: 8233d90336aea43098adf6dbabd606a2, type: 3}
  m_Name: 
  m_EditorClassIdentifier: 
  m_MeshFormatVersion: 1
  m_Faces:
  - m_Indexes: 000000000100000002000000010000000300000002000000
    m_SmoothingGroup: 0
    m_Uv:
      m_UseWorldSpace: 0
      m_FlipU: 0
      m_FlipV: 0
      m_SwapUV: 0
      m_Fill: 1
      m_Scale: {x: 1, y: 1}
      m_Offset: {x: 0, y: 0}
      m_Rotation: 0
      m_Anchor: 9
    m_Material: {fileID: 0}
    m_SubmeshIndex: 0
    m_ManualUV: 0
    elementGroup: -1
    m_TextureGroup: -1
  - m_Indexes: 040000000500000006000000050000000700000006000000
    m_SmoothingGroup: 0
    m_Uv:
      m_UseWorldSpace: 0
      m_FlipU: 0
      m_FlipV: 0
      m_SwapUV: 0
      m_Fill: 1
      m_Scale: {x: 1, y: 1}
      m_Offset: {x: 0, y: 0}
      m_Rotation: 0
      m_Anchor: 9
    m_Material: {fileID: 0}
    m_SubmeshIndex: 0
    m_ManualUV: 0
    elementGroup: -1
    m_TextureGroup: -1
  - m_Indexes: 08000000090000000a000000090000000b0000000a000000
    m_SmoothingGroup: 0
    m_Uv:
      m_UseWorldSpace: 0
      m_FlipU: 0
      m_FlipV: 0
      m_SwapUV: 0
      m_Fill: 1
      m_Scale: {x: 1, y: 1}
      m_Offset: {x: 0, y: 0}
      m_Rotation: 0
      m_Anchor: 9
    m_Material: {fileID: 0}
    m_SubmeshIndex: 0
    m_ManualUV: 0
    elementGroup: -1
    m_TextureGroup: -1
  - m_Indexes: 0c0000000d0000000e0000000d0000000f0000000e000000
    m_SmoothingGroup: 0
    m_Uv:
      m_UseWorldSpace: 0
      m_FlipU: 0
      m_FlipV: 0
      m_SwapUV: 0
      m_Fill: 1
      m_Scale: {x: 1, y: 1}
      m_Offset: {x: 0, y: 0}
      m_Rotation: 0
      m_Anchor: 9
    m_Material: {fileID: 0}
    m_SubmeshIndex: 0
    m_ManualUV: 0
    elementGroup: -1
    m_TextureGroup: -1
  - m_Indexes: 100000001100000012000000110000001300000012000000
    m_SmoothingGroup: 0
    m_Uv:
      m_UseWorldSpace: 0
      m_FlipU: 0
      m_FlipV: 0
      m_SwapUV: 0
      m_Fill: 1
      m_Scale: {x: 1, y: 1}
      m_Offset: {x: 0, y: 0}
      m_Rotation: 0
      m_Anchor: 9
    m_Material: {fileID: 0}
    m_SubmeshIndex: 0
    m_ManualUV: 0
    elementGroup: -1
    m_TextureGroup: -1
  - m_Indexes: 140000001500000016000000150000001700000016000000
    m_SmoothingGroup: 0
    m_Uv:
      m_UseWorldSpace: 0
      m_FlipU: 0
      m_FlipV: 0
      m_SwapUV: 0
      m_Fill: 1
      m_Scale: {x: 1, y: 1}
      m_Offset: {x: 0, y: 0}
      m_Rotation: 0
      m_Anchor: 9
    m_Material: {fileID: 0}
    m_SubmeshIndex: 0
    m_ManualUV: 0
    elementGroup: -1
    m_TextureGroup: -1
  m_SharedVertices:
  - m_Vertices: 000000000d00000016000000
  - m_Vertices: 010000000400000017000000
  - m_Vertices: 020000000f00000010000000
  - m_Vertices: 030000000600000011000000
  - m_Vertices: 050000000800000015000000
  - m_Vertices: 070000000a00000013000000
  - m_Vertices: 090000000c00000014000000
  - m_Vertices: 0b0000000e00000012000000
  m_SharedTextures: []
  m_Positions:
  - {x: -0.08874917, y: -0.9852488, z: 0.2071836}
  - {x: 0.08874911, y: -0.9852488, z: 0.2071836}
  - {x: -0.08874917, y: 0.18598819, z: 0.2071836}
  - {x: 0.08874911, y: 0.18598819, z: 0.2071836}
  - {x: 0.08874911, y: -0.9852488, z: 0.2071836}
  - {x: 0.08874911, y: -0.9852488, z: -0.2071836}
  - {x: 0.08874911, y: 0.18598819, z: 0.2071836}
  - {x: 0.08874911, y: 0.18598819, z: -0.2071836}
  - {x: 0.08874911, y: -0.9852488, z: -0.2071836}
  - {x: -0.08874917, y: -0.9852488, z: -0.2071836}
  - {x: 0.08874911, y: 0.18598819, z: -0.2071836}
  - {x: -0.08874917, y: 0.18598819, z: -0.2071836}
  - {x: -0.08874917, y: -0.9852488, z: -0.2071836}
  - {x: -0.08874917, y: -0.9852488, z: 0.2071836}
  - {x: -0.08874917, y: 0.18598819, z: -0.2071836}
  - {x: -0.08874917, y: 0.18598819, z: 0.2071836}
  - {x: -0.08874917, y: 0.18598819, z: 0.2071836}
  - {x: 0.08874911, y: 0.18598819, z: 0.2071836}
  - {x: -0.08874917, y: 0.18598819, z: -0.2071836}
  - {x: 0.08874911, y: 0.18598819, z: -0.2071836}
  - {x: -0.08874917, y: -0.9852488, z: -0.2071836}
  - {x: 0.08874911, y: -0.9852488, z: -0.2071836}
  - {x: -0.08874917, y: -0.9852488, z: 0.2071836}
  - {x: 0.08874911, y: -0.9852488, z: 0.2071836}
  m_Textures0:
  - {x: 0.08874917, y: -0.9852488}
  - {x: -0.08874911, y: -0.9852488}
  - {x: 0.08874917, y: 0.18598819}
  - {x: -0.08874911, y: 0.18598819}
  - {x: 0.2071836, y: -0.9852488}
  - {x: -0.2071836, y: -0.9852488}
  - {x: 0.2071836, y: 0.18598819}
  - {x: -0.2071836, y: 0.18598819}
  - {x: 0.08874911, y: -0.9852488}
  - {x: -0.08874917, y: -0.9852488}
  - {x: 0.08874911, y: 0.18598819}
  - {x: -0.08874917, y: 0.18598819}
  - {x: 0.2071836, y: -0.9852488}
  - {x: -0.2071836, y: -0.9852488}
  - {x: 0.2071836, y: 0.18598819}
  - {x: -0.2071836, y: 0.18598819}
  - {x: -0.08874917, y: 0.2071836}
  - {x: 0.08874911, y: 0.2071836}
  - {x: -0.08874917, y: -0.2071836}
  - {x: 0.08874911, y: -0.2071836}
  - {x: 0.08874917, y: -0.2071836}
  - {x: -0.08874911, y: -0.2071836}
  - {x: 0.08874917, y: 0.2071836}
  - {x: -0.08874911, y: 0.2071836}
  m_Textures2: []
  m_Textures3: []
  m_Tangents:
  - {x: -1, y: 0, z: 0, w: -1}
  - {x: -1, y: 0, z: 0, w: -1}
  - {x: -1, y: 0, z: 0, w: -1}
  - {x: -1, y: 0, z: 0, w: -1}
  - {x: 0, y: 0, z: 1, w: -1}
  - {x: 0, y: 0, z: 1, w: -1}
  - {x: 0, y: 0, z: 1, w: -1}
  - {x: 0, y: 0, z: 1, w: -1}
  - {x: 1, y: 0, z: 0, w: -1}
  - {x: 1, y: 0, z: 0, w: -1}
  - {x: 1, y: 0, z: 0, w: -1}
  - {x: 1, y: 0, z: 0, w: -1}
  - {x: 0, y: 0, z: -1, w: -1}
  - {x: 0, y: 0, z: -1, w: -1}
  - {x: 0, y: 0, z: -1, w: -1}
  - {x: 0, y: 0, z: -1, w: -1}
  - {x: 1, y: 0, z: 0, w: -1}
  - {x: 1, y: 0, z: 0, w: -1}
  - {x: 1, y: 0, z: 0, w: -1}
  - {x: 1, y: 0, z: 0, w: -1}
  - {x: -1, y: 0, z: 0, w: -1}
  - {x: -1, y: 0, z: 0, w: -1}
  - {x: -1, y: 0, z: 0, w: -1}
  - {x: -1, y: 0, z: 0, w: -1}
  m_Colors: []
  m_UnwrapParameters:
    m_HardAngle: 88
    m_PackMargin: 20
    m_AngleError: 8
    m_AreaError: 15
  m_PreserveMeshAssetOnDestroy: 0
  assetGuid: 
  m_IsSelectable: 1
  m_SelectedFaces: 05000000
  m_SelectedEdges:
  - a: 20
    b: 21
  - a: 22
    b: 20
  - a: 21
    b: 23
  - a: 23
    b: 22
  m_SelectedVertices: 14000000150000001600000017000000
--- !u!64 &5425282833184250046
MeshCollider:
  m_ObjectHideFlags: 0
  m_CorrespondingSourceObject: {fileID: 0}
  m_PrefabInstance: {fileID: 0}
  m_PrefabAsset: {fileID: 0}
  m_GameObject: {fileID: 5425282833184250044}
  m_Material: {fileID: 0}
  m_IsTrigger: 0
  m_Enabled: 0
  serializedVersion: 3
  m_Convex: 0
  m_CookingOptions: 14
  m_Mesh: {fileID: 0}
--- !u!1 &5425282833243911682
GameObject:
  m_ObjectHideFlags: 0
  m_CorrespondingSourceObject: {fileID: 0}
  m_PrefabInstance: {fileID: 0}
  m_PrefabAsset: {fileID: 0}
  serializedVersion: 6
  m_Component:
  - component: {fileID: 5425282833243912189}
  m_Layer: 0
  m_Name: Strong_HandPos
  m_TagString: HandTag
  m_Icon: {fileID: 0}
  m_NavMeshLayer: 0
  m_StaticEditorFlags: 0
  m_IsActive: 1
--- !u!4 &5425282833243912189
Transform:
  m_ObjectHideFlags: 0
  m_CorrespondingSourceObject: {fileID: 0}
  m_PrefabInstance: {fileID: 0}
  m_PrefabAsset: {fileID: 0}
  m_GameObject: {fileID: 5425282833243911682}
  m_LocalRotation: {x: 0, y: 0, z: 0, w: 1}
  m_LocalPosition: {x: 0.023, y: -1.015, z: 0}
  m_LocalScale: {x: 1, y: 1, z: 1}
  m_Children: []
  m_Father: {fileID: 5425282833675947739}
  m_RootOrder: 0
  m_LocalEulerAnglesHint: {x: 0, y: 0, z: 0}
--- !u!1 &5425282833573576413
GameObject:
  m_ObjectHideFlags: 0
  m_CorrespondingSourceObject: {fileID: 0}
  m_PrefabInstance: {fileID: 0}
  m_PrefabAsset: {fileID: 0}
  serializedVersion: 6
  m_Component:
  - component: {fileID: 5425282833573576412}
  - component: {fileID: 5425282833573576409}
  - component: {fileID: 5425282833573576414}
  - component: {fileID: 5425282833573576415}
  - component: {fileID: 5221141533945204257}
  - component: {fileID: 9063166833200832320}
  - component: {fileID: 5221141533945204256}
  m_Layer: 9
  m_Name: StrongBody
  m_TagString: StrongPushBlock
  m_Icon: {fileID: 0}
  m_NavMeshLayer: 0
  m_StaticEditorFlags: 0
  m_IsActive: 1
--- !u!4 &5425282833573576412
Transform:
  m_ObjectHideFlags: 0
  m_CorrespondingSourceObject: {fileID: 0}
  m_PrefabInstance: {fileID: 0}
  m_PrefabAsset: {fileID: 0}
  m_GameObject: {fileID: 5425282833573576413}
  m_LocalRotation: {x: -0, y: -0, z: -0, w: 1}
  m_LocalPosition: {x: 0, y: 1, z: 0}
  m_LocalScale: {x: 1, y: 1, z: 1}
  m_Children: []
  m_Father: {fileID: 5425282834993646765}
  m_RootOrder: 3
  m_LocalEulerAnglesHint: {x: 0, y: 0, z: 0}
--- !u!33 &5425282833573576409
MeshFilter:
  m_ObjectHideFlags: 0
  m_CorrespondingSourceObject: {fileID: 0}
  m_PrefabInstance: {fileID: 0}
  m_PrefabAsset: {fileID: 0}
  m_GameObject: {fileID: 5425282833573576413}
  m_Mesh: {fileID: 10208, guid: 0000000000000000e000000000000000, type: 0}
--- !u!23 &5425282833573576414
MeshRenderer:
  m_ObjectHideFlags: 0
  m_CorrespondingSourceObject: {fileID: 0}
  m_PrefabInstance: {fileID: 0}
  m_PrefabAsset: {fileID: 0}
  m_GameObject: {fileID: 5425282833573576413}
  m_Enabled: 1
  m_CastShadows: 1
  m_ReceiveShadows: 1
  m_DynamicOccludee: 1
  m_MotionVectors: 1
  m_LightProbeUsage: 1
  m_ReflectionProbeUsage: 1
  m_RenderingLayerMask: 1
  m_RendererPriority: 0
  m_Materials:
  - {fileID: 2100000, guid: 3e5fb3ac40af21f4eaaf742f2f42f2eb, type: 2}
  m_StaticBatchInfo:
    firstSubMesh: 0
    subMeshCount: 0
  m_StaticBatchRoot: {fileID: 0}
  m_ProbeAnchor: {fileID: 0}
  m_LightProbeVolumeOverride: {fileID: 0}
  m_ScaleInLightmap: 1
  m_ReceiveGI: 1
  m_PreserveUVs: 0
  m_IgnoreNormalsForChartDetection: 0
  m_ImportantGI: 0
  m_StitchLightmapSeams: 1
  m_SelectedEditorRenderState: 3
  m_MinimumChartSize: 4
  m_AutoUVMaxDistance: 0.5
  m_AutoUVMaxAngle: 89
  m_LightmapParameters: {fileID: 0}
  m_SortingLayerID: 0
  m_SortingLayer: 0
  m_SortingOrder: 0
--- !u!95 &5425282833573576415
Animator:
  serializedVersion: 3
  m_ObjectHideFlags: 0
  m_CorrespondingSourceObject: {fileID: 0}
  m_PrefabInstance: {fileID: 0}
  m_PrefabAsset: {fileID: 0}
  m_GameObject: {fileID: 5425282833573576413}
  m_Enabled: 0
  m_Avatar: {fileID: 0}
  m_Controller: {fileID: 0}
  m_CullingMode: 0
  m_UpdateMode: 0
  m_ApplyRootMotion: 0
  m_LinearVelocityBlending: 0
  m_WarningMessage: 
  m_HasTransformHierarchy: 1
  m_AllowConstantClipSamplingOptimization: 1
  m_KeepAnimatorControllerStateOnDisable: 0
--- !u!136 &5221141533945204257
CapsuleCollider:
  m_ObjectHideFlags: 0
  m_CorrespondingSourceObject: {fileID: 0}
  m_PrefabInstance: {fileID: 0}
  m_PrefabAsset: {fileID: 0}
  m_GameObject: {fileID: 5425282833573576413}
  m_Material: {fileID: 0}
  m_IsTrigger: 1
  m_Enabled: 1
  m_Radius: 0.7
  m_Height: 2.1429272
  m_Direction: 1
  m_Center: {x: 0, y: 0.071463585, z: 0}
--- !u!54 &9063166833200832320
Rigidbody:
  m_ObjectHideFlags: 0
  m_CorrespondingSourceObject: {fileID: 0}
  m_PrefabInstance: {fileID: 0}
  m_PrefabAsset: {fileID: 0}
  m_GameObject: {fileID: 5425282833573576413}
  serializedVersion: 2
  m_Mass: 0.5
  m_Drag: 0
  m_AngularDrag: 0.05
  m_UseGravity: 1
  m_IsKinematic: 0
  m_Interpolate: 0
  m_Constraints: 126
  m_CollisionDetection: 0
--- !u!65 &5221141533945204256
BoxCollider:
  m_ObjectHideFlags: 0
  m_CorrespondingSourceObject: {fileID: 0}
  m_PrefabInstance: {fileID: 0}
  m_PrefabAsset: {fileID: 0}
  m_GameObject: {fileID: 5425282833573576413}
  m_Material: {fileID: 0}
  m_IsTrigger: 0
  m_Enabled: 1
  serializedVersion: 2
  m_Size: {x: 1, y: 0.7073288, z: 0.79244184}
  m_Center: {x: 0, y: 0.26755047, z: 0.26973176}
--- !u!1 &5425282833675947736
GameObject:
  m_ObjectHideFlags: 0
  m_CorrespondingSourceObject: {fileID: 0}
  m_PrefabInstance: {fileID: 0}
  m_PrefabAsset: {fileID: 0}
  serializedVersion: 6
  m_Component:
  - component: {fileID: 5425282833675947739}
  - component: {fileID: 5425282833675947735}
  - component: {fileID: 5425282833675947732}
  - component: {fileID: 5425282833675947733}
  - component: {fileID: 5425282833675947738}
  m_Layer: 0
  m_Name: R_Arm
  m_TagString: Untagged
  m_Icon: {fileID: 0}
  m_NavMeshLayer: 0
  m_StaticEditorFlags: 0
  m_IsActive: 1
--- !u!4 &5425282833675947739
Transform:
  m_ObjectHideFlags: 0
  m_CorrespondingSourceObject: {fileID: 0}
  m_PrefabInstance: {fileID: 0}
  m_PrefabAsset: {fileID: 0}
  m_GameObject: {fileID: 5425282833675947736}
  m_LocalRotation: {x: -0, y: -0, z: 0.13052596, w: 0.99144495}
  m_LocalPosition: {x: 0.5887492, y: 1.5, z: -0.028944016}
  m_LocalScale: {x: 1, y: 1, z: 1}
  m_Children:
  - {fileID: 5425282833243912189}
  m_Father: {fileID: 5425282834993646765}
  m_RootOrder: 1
  m_LocalEulerAnglesHint: {x: 0, y: 0, z: 15.000001}
--- !u!33 &5425282833675947735
MeshFilter:
  m_ObjectHideFlags: 0
  m_CorrespondingSourceObject: {fileID: 0}
  m_PrefabInstance: {fileID: 0}
  m_PrefabAsset: {fileID: 0}
  m_GameObject: {fileID: 5425282833675947736}
  m_Mesh: {fileID: 0}
--- !u!23 &5425282833675947732
MeshRenderer:
  m_ObjectHideFlags: 0
  m_CorrespondingSourceObject: {fileID: 0}
  m_PrefabInstance: {fileID: 0}
  m_PrefabAsset: {fileID: 0}
  m_GameObject: {fileID: 5425282833675947736}
  m_Enabled: 1
  m_CastShadows: 1
  m_ReceiveShadows: 1
  m_DynamicOccludee: 1
  m_MotionVectors: 1
  m_LightProbeUsage: 1
  m_ReflectionProbeUsage: 1
  m_RenderingLayerMask: 1
  m_RendererPriority: 0
  m_Materials:
  - {fileID: 2100000, guid: 3e5fb3ac40af21f4eaaf742f2f42f2eb, type: 2}
  m_StaticBatchInfo:
    firstSubMesh: 0
    subMeshCount: 0
  m_StaticBatchRoot: {fileID: 0}
  m_ProbeAnchor: {fileID: 0}
  m_LightProbeVolumeOverride: {fileID: 0}
  m_ScaleInLightmap: 1
  m_ReceiveGI: 1
  m_PreserveUVs: 0
  m_IgnoreNormalsForChartDetection: 0
  m_ImportantGI: 0
  m_StitchLightmapSeams: 1
  m_SelectedEditorRenderState: 2
  m_MinimumChartSize: 4
  m_AutoUVMaxDistance: 0.5
  m_AutoUVMaxAngle: 89
  m_LightmapParameters: {fileID: 0}
  m_SortingLayerID: 0
  m_SortingLayer: 0
  m_SortingOrder: 0
--- !u!114 &5425282833675947733
MonoBehaviour:
  m_ObjectHideFlags: 0
  m_CorrespondingSourceObject: {fileID: 0}
  m_PrefabInstance: {fileID: 0}
  m_PrefabAsset: {fileID: 0}
  m_GameObject: {fileID: 5425282833675947736}
  m_Enabled: 1
  m_EditorHideFlags: 0
  m_Script: {fileID: 11500000, guid: 8233d90336aea43098adf6dbabd606a2, type: 3}
  m_Name: 
  m_EditorClassIdentifier: 
  m_MeshFormatVersion: 1
  m_Faces:
  - m_Indexes: 000000000100000002000000010000000300000002000000
    m_SmoothingGroup: 0
    m_Uv:
      m_UseWorldSpace: 0
      m_FlipU: 0
      m_FlipV: 0
      m_SwapUV: 0
      m_Fill: 1
      m_Scale: {x: 1, y: 1}
      m_Offset: {x: 0, y: 0}
      m_Rotation: 0
      m_Anchor: 9
    m_Material: {fileID: 0}
    m_SubmeshIndex: 0
    m_ManualUV: 0
    elementGroup: -1
    m_TextureGroup: -1
  - m_Indexes: 040000000500000006000000050000000700000006000000
    m_SmoothingGroup: 0
    m_Uv:
      m_UseWorldSpace: 0
      m_FlipU: 0
      m_FlipV: 0
      m_SwapUV: 0
      m_Fill: 1
      m_Scale: {x: 1, y: 1}
      m_Offset: {x: 0, y: 0}
      m_Rotation: 0
      m_Anchor: 9
    m_Material: {fileID: 0}
    m_SubmeshIndex: 0
    m_ManualUV: 0
    elementGroup: -1
    m_TextureGroup: -1
  - m_Indexes: 08000000090000000a000000090000000b0000000a000000
    m_SmoothingGroup: 0
    m_Uv:
      m_UseWorldSpace: 0
      m_FlipU: 0
      m_FlipV: 0
      m_SwapUV: 0
      m_Fill: 1
      m_Scale: {x: 1, y: 1}
      m_Offset: {x: 0, y: 0}
      m_Rotation: 0
      m_Anchor: 9
    m_Material: {fileID: 0}
    m_SubmeshIndex: 0
    m_ManualUV: 0
    elementGroup: -1
    m_TextureGroup: -1
  - m_Indexes: 0c0000000d0000000e0000000d0000000f0000000e000000
    m_SmoothingGroup: 0
    m_Uv:
      m_UseWorldSpace: 0
      m_FlipU: 0
      m_FlipV: 0
      m_SwapUV: 0
      m_Fill: 1
      m_Scale: {x: 1, y: 1}
      m_Offset: {x: 0, y: 0}
      m_Rotation: 0
      m_Anchor: 9
    m_Material: {fileID: 0}
    m_SubmeshIndex: 0
    m_ManualUV: 0
    elementGroup: -1
    m_TextureGroup: -1
  - m_Indexes: 100000001100000012000000110000001300000012000000
    m_SmoothingGroup: 0
    m_Uv:
      m_UseWorldSpace: 0
      m_FlipU: 0
      m_FlipV: 0
      m_SwapUV: 0
      m_Fill: 1
      m_Scale: {x: 1, y: 1}
      m_Offset: {x: 0, y: 0}
      m_Rotation: 0
      m_Anchor: 9
    m_Material: {fileID: 0}
    m_SubmeshIndex: 0
    m_ManualUV: 0
    elementGroup: -1
    m_TextureGroup: -1
  - m_Indexes: 140000001500000016000000150000001700000016000000
    m_SmoothingGroup: 0
    m_Uv:
      m_UseWorldSpace: 0
      m_FlipU: 0
      m_FlipV: 0
      m_SwapUV: 0
      m_Fill: 1
      m_Scale: {x: 1, y: 1}
      m_Offset: {x: 0, y: 0}
      m_Rotation: 0
      m_Anchor: 9
    m_Material: {fileID: 0}
    m_SubmeshIndex: 0
    m_ManualUV: 0
    elementGroup: -1
    m_TextureGroup: -1
  m_SharedVertices:
  - m_Vertices: 000000000d00000016000000
  - m_Vertices: 010000000400000017000000
  - m_Vertices: 020000000f00000010000000
  - m_Vertices: 030000000600000011000000
  - m_Vertices: 050000000800000015000000
  - m_Vertices: 070000000a00000013000000
  - m_Vertices: 090000000c00000014000000
  - m_Vertices: 0b0000000e00000012000000
  m_SharedTextures: []
  m_Positions:
  - {x: -0.08874917, y: -0.9852488, z: 0.2071836}
  - {x: 0.08874911, y: -0.9852488, z: 0.2071836}
  - {x: -0.08874917, y: 0.18598819, z: 0.2071836}
  - {x: 0.08874911, y: 0.18598819, z: 0.2071836}
  - {x: 0.08874911, y: -0.9852488, z: 0.2071836}
  - {x: 0.08874911, y: -0.9852488, z: -0.2071836}
  - {x: 0.08874911, y: 0.18598819, z: 0.2071836}
  - {x: 0.08874911, y: 0.18598819, z: -0.2071836}
  - {x: 0.08874911, y: -0.9852488, z: -0.2071836}
  - {x: -0.08874917, y: -0.9852488, z: -0.2071836}
  - {x: 0.08874911, y: 0.18598819, z: -0.2071836}
  - {x: -0.08874917, y: 0.18598819, z: -0.2071836}
  - {x: -0.08874917, y: -0.9852488, z: -0.2071836}
  - {x: -0.08874917, y: -0.9852488, z: 0.2071836}
  - {x: -0.08874917, y: 0.18598819, z: -0.2071836}
  - {x: -0.08874917, y: 0.18598819, z: 0.2071836}
  - {x: -0.08874917, y: 0.18598819, z: 0.2071836}
  - {x: 0.08874911, y: 0.18598819, z: 0.2071836}
  - {x: -0.08874917, y: 0.18598819, z: -0.2071836}
  - {x: 0.08874911, y: 0.18598819, z: -0.2071836}
  - {x: -0.08874917, y: -0.9852488, z: -0.2071836}
  - {x: 0.08874911, y: -0.9852488, z: -0.2071836}
  - {x: -0.08874917, y: -0.9852488, z: 0.2071836}
  - {x: 0.08874911, y: -0.9852488, z: 0.2071836}
  m_Textures0:
  - {x: 0.08874917, y: -0.9852488}
  - {x: -0.08874911, y: -0.9852488}
  - {x: 0.08874917, y: 0.18598819}
  - {x: -0.08874911, y: 0.18598819}
  - {x: 0.2071836, y: -0.9852488}
  - {x: -0.2071836, y: -0.9852488}
  - {x: 0.2071836, y: 0.18598819}
  - {x: -0.2071836, y: 0.18598819}
  - {x: 0.08874911, y: -0.9852488}
  - {x: -0.08874917, y: -0.9852488}
  - {x: 0.08874911, y: 0.18598819}
  - {x: -0.08874917, y: 0.18598819}
  - {x: 0.2071836, y: -0.9852488}
  - {x: -0.2071836, y: -0.9852488}
  - {x: 0.2071836, y: 0.18598819}
  - {x: -0.2071836, y: 0.18598819}
  - {x: -0.08874917, y: 0.2071836}
  - {x: 0.08874911, y: 0.2071836}
  - {x: -0.08874917, y: -0.2071836}
  - {x: 0.08874911, y: -0.2071836}
  - {x: 0.08874917, y: -0.2071836}
  - {x: -0.08874911, y: -0.2071836}
  - {x: 0.08874917, y: 0.2071836}
  - {x: -0.08874911, y: 0.2071836}
  m_Textures2: []
  m_Textures3: []
  m_Tangents:
  - {x: -1, y: 0, z: 0, w: -1}
  - {x: -1, y: 0, z: 0, w: -1}
  - {x: -1, y: 0, z: 0, w: -1}
  - {x: -1, y: 0, z: 0, w: -1}
  - {x: 0, y: 0, z: 1, w: -1}
  - {x: 0, y: 0, z: 1, w: -1}
  - {x: 0, y: 0, z: 1, w: -1}
  - {x: 0, y: 0, z: 1, w: -1}
  - {x: 1, y: 0, z: 0, w: -1}
  - {x: 1, y: 0, z: 0, w: -1}
  - {x: 1, y: 0, z: 0, w: -1}
  - {x: 1, y: 0, z: 0, w: -1}
  - {x: 0, y: 0, z: -1, w: -1}
  - {x: 0, y: 0, z: -1, w: -1}
  - {x: 0, y: 0, z: -1, w: -1}
  - {x: 0, y: 0, z: -1, w: -1}
  - {x: 1, y: 0, z: 0, w: -1}
  - {x: 1, y: 0, z: 0, w: -1}
  - {x: 1, y: 0, z: 0, w: -1}
  - {x: 1, y: 0, z: 0, w: -1}
  - {x: -1, y: 0, z: 0, w: -1}
  - {x: -1, y: 0, z: 0, w: -1}
  - {x: -1, y: 0, z: 0, w: -1}
  - {x: -1, y: 0, z: 0, w: -1}
  m_Colors: []
  m_UnwrapParameters:
    m_HardAngle: 88
    m_PackMargin: 20
    m_AngleError: 8
    m_AreaError: 15
  m_PreserveMeshAssetOnDestroy: 0
  assetGuid: 
  m_IsSelectable: 1
  m_SelectedFaces: 05000000
  m_SelectedEdges:
  - a: 20
    b: 21
  - a: 22
    b: 20
  - a: 21
    b: 23
  - a: 23
    b: 22
  m_SelectedVertices: 14000000150000001600000017000000
--- !u!64 &5425282833675947738
MeshCollider:
  m_ObjectHideFlags: 0
  m_CorrespondingSourceObject: {fileID: 0}
  m_PrefabInstance: {fileID: 0}
  m_PrefabAsset: {fileID: 0}
  m_GameObject: {fileID: 5425282833675947736}
  m_Material: {fileID: 0}
  m_IsTrigger: 0
  m_Enabled: 0
  serializedVersion: 3
  m_Convex: 0
  m_CookingOptions: 14
  m_Mesh: {fileID: 0}
--- !u!1 &5425282834597862387
GameObject:
  m_ObjectHideFlags: 0
  m_CorrespondingSourceObject: {fileID: 0}
  m_PrefabInstance: {fileID: 0}
  m_PrefabAsset: {fileID: 0}
  serializedVersion: 6
  m_Component:
  - component: {fileID: 5425282834597862386}
  - component: {fileID: 5425282834597862380}
  - component: {fileID: 5425282834597862381}
  m_Layer: 9
  m_Name: Strong_CharFSM
  m_TagString: PlayerManager
  m_Icon: {fileID: 0}
  m_NavMeshLayer: 0
  m_StaticEditorFlags: 0
  m_IsActive: 1
--- !u!4 &5425282834597862386
Transform:
  m_ObjectHideFlags: 0
  m_CorrespondingSourceObject: {fileID: 0}
  m_PrefabInstance: {fileID: 0}
  m_PrefabAsset: {fileID: 0}
  m_GameObject: {fileID: 5425282834597862387}
  m_LocalRotation: {x: 0, y: 0, z: 0, w: 1}
  m_LocalPosition: {x: 0, y: 0, z: 0}
  m_LocalScale: {x: 1, y: 1, z: 1}
  m_Children: []
  m_Father: {fileID: 5425282834993646765}
  m_RootOrder: 4
  m_LocalEulerAnglesHint: {x: 0, y: 0, z: 0}
--- !u!114 &5425282834597862380
MonoBehaviour:
  m_ObjectHideFlags: 0
  m_CorrespondingSourceObject: {fileID: 0}
  m_PrefabInstance: {fileID: 0}
  m_PrefabAsset: {fileID: 0}
  m_GameObject: {fileID: 5425282834597862387}
  m_Enabled: 1
  m_EditorHideFlags: 0
  m_Script: {fileID: 1384774831, guid: e743331561ef77147ae48cda9bcb8209, type: 3}
  m_Name: 
  m_EditorClassIdentifier: 
  fsm:
    dataVersion: 2
    usedInTemplate: {fileID: 0}
    name: CharacterRotation
    startState: State 2
    states:
    - name: State 1
      description: 
      colorIndex: 0
      position:
        serializedVersion: 2
        x: 57.054688
        y: 109.77344
        width: 101.333336
        height: 16
      isBreakpoint: 0
      isSequence: 0
      hideUnused: 0
      transitions: []
      actionData:
        actionNames:
        - HutongGames.PlayMaker.Actions.SmoothLookAtDirection
        customNames:
        - 
        actionEnabled: 01
        actionIsOpen: 01
        actionStartIndex: 00000000
        actionHashCodes: f804e704
        unityObjectParams: []
        fsmGameObjectParams: []
        fsmOwnerDefaultParams:
        - ownerOption: 1
          gameObject:
            useVariable: 0
            name: 
            tooltip: 
            showInInspector: 0
            networkSync: 0
            value: {fileID: 5425282834993646770}
        animationCurveParams: []
        functionCallParams: []
        fsmTemplateControlParams: []
        fsmEventTargetParams: []
        fsmPropertyParams: []
        layoutOptionParams: []
        fsmStringParams: []
        fsmObjectParams: []
        fsmVarParams: []
        fsmArrayParams: []
        fsmEnumParams: []
        fsmFloatParams:
        - useVariable: 0
          name: 
          tooltip: 
          showInInspector: 0
          networkSync: 0
          value: 0.1
        - useVariable: 0
          name: 
          tooltip: 
          showInInspector: 0
          networkSync: 0
          value: 5
        fsmIntParams: []
        fsmBoolParams:
        - useVariable: 0
          name: 
          tooltip: 
          showInInspector: 0
          networkSync: 0
          value: 1
        - useVariable: 0
          name: 
          tooltip: 
          showInInspector: 0
          networkSync: 0
          value: 0
        fsmVector2Params: []
        fsmVector3Params:
        - useVariable: 1
          name: InputVector
          tooltip: 
          showInInspector: 0
          networkSync: 0
          value: {x: 0, y: 0, z: 0}
        - useVariable: 1
          name: 
          tooltip: 
          showInInspector: 0
          networkSync: 0
          value: {x: 0, y: 0, z: 0}
        fsmColorParams: []
        fsmRectParams: []
        fsmQuaternionParams: []
        stringParams:
        - 
        byteData: 01
        arrayParamSizes: 
        arrayParamTypes: []
        customTypeSizes: 
        customTypeNames: []
        paramDataType: 140000001c0000000f0000001c000000110000000f000000010000001700000011000000
        paramName:
        - gameObject
        - targetDirection
        - minMagnitude
        - upVector
        - keepVertical
        - speed
        - lateUpdate
        - finishEvent
        - finish
        paramDataPos: 000000000000000000000000010000000000000001000000000000000000000001000000
        paramByteDataSize: 000000000000000000000000000000000000000000000000010000000000000000000000
    - name: State 2
      description: 
      colorIndex: 0
      position:
        serializedVersion: 2
        x: 260.21875
        y: 110.21875
        width: 129.33334
        height: 16
      isBreakpoint: 0
      isSequence: 0
      hideUnused: 0
      transitions: []
      actionData:
        actionNames: []
        customNames: []
        actionEnabled: 
        actionIsOpen: 
        actionStartIndex: 
        actionHashCodes: 
        unityObjectParams: []
        fsmGameObjectParams: []
        fsmOwnerDefaultParams: []
        animationCurveParams: []
        functionCallParams: []
        fsmTemplateControlParams: []
        fsmEventTargetParams: []
        fsmPropertyParams: []
        layoutOptionParams: []
        fsmStringParams: []
        fsmObjectParams: []
        fsmVarParams: []
        fsmArrayParams: []
        fsmEnumParams: []
        fsmFloatParams: []
        fsmIntParams: []
        fsmBoolParams: []
        fsmVector2Params: []
        fsmVector3Params: []
        fsmColorParams: []
        fsmRectParams: []
        fsmQuaternionParams: []
        stringParams: []
        byteData: 
        arrayParamSizes: 
        arrayParamTypes: []
        customTypeSizes: 
        customTypeNames: []
        paramDataType: 
        paramName: []
        paramDataPos: 
        paramByteDataSize: 
    events:
    - name: ATTACHED
      isSystemEvent: 0
      isGlobal: 0
    - name: HeadControls
      isSystemEvent: 0
      isGlobal: 0
    - name: HeadReattached
      isSystemEvent: 0
      isGlobal: 0
    - name: NOTATTACHED
      isSystemEvent: 0
      isGlobal: 0
    globalTransitions:
    - fsmEvent:
        name: ATTACHED
        isSystemEvent: 0
        isGlobal: 0
      toState: State 1
      linkStyle: 0
      linkConstraint: 0
      colorIndex: 0
    - fsmEvent:
        name: NOTATTACHED
        isSystemEvent: 0
        isGlobal: 0
      toState: State 2
      linkStyle: 0
      linkConstraint: 0
      colorIndex: 0
    variables:
      floatVariables: []
      intVariables: []
      boolVariables: []
      stringVariables: []
      vector2Variables: []
      vector3Variables: []
      colorVariables: []
      rectVariables: []
      quaternionVariables: []
      gameObjectVariables: []
      objectVariables: []
      materialVariables: []
      textureVariables: []
      arrayVariables: []
      enumVariables: []
      categories:
      - 
      variableCategoryIDs: 
    description: 
    docUrl: 
    showStateLabel: 0
    maxLoopCount: 0
    watermark: 
    password: 
    locked: 0
    manualUpdate: 0
    keepDelayedEventsOnStateExit: 0
    preprocessed: 0
    ExposedEvents: []
    RestartOnEnable: 1
    EnableDebugFlow: 0
    EnableBreakpoints: 1
    editorFlags: 0
    activeStateName: 
    mouseEvents: 0
    handleLevelLoaded: 0
    handleTriggerEnter2D: 0
    handleTriggerExit2D: 0
    handleTriggerStay2D: 0
    handleCollisionEnter2D: 0
    handleCollisionExit2D: 0
    handleCollisionStay2D: 0
    handleTriggerEnter: 0
    handleTriggerExit: 0
    handleTriggerStay: 0
    handleCollisionEnter: 0
    handleCollisionExit: 0
    handleCollisionStay: 0
    handleParticleCollision: 0
    handleControllerColliderHit: 0
    handleJointBreak: 0
    handleJointBreak2D: 0
    handleOnGUI: 0
    handleFixedUpdate: 0
    handleLateUpdate: 0
    handleApplicationEvents: 0
    handleUiEvents: 0
    handleLegacyNetworking: 0
    handleAnimatorMove: 0
    handleAnimatorIK: 0
  fsmTemplate: {fileID: 0}
  eventHandlerComponentsAdded: 0
--- !u!114 &5425282834597862381
MonoBehaviour:
  m_ObjectHideFlags: 0
  m_CorrespondingSourceObject: {fileID: 0}
  m_PrefabInstance: {fileID: 0}
  m_PrefabAsset: {fileID: 0}
  m_GameObject: {fileID: 5425282834597862387}
  m_Enabled: 1
  m_EditorHideFlags: 0
  m_Script: {fileID: 1384774831, guid: e743331561ef77147ae48cda9bcb8209, type: 3}
  m_Name: 
  m_EditorClassIdentifier: 
  fsm:
    dataVersion: 2
    usedInTemplate: {fileID: 0}
    name: Movement
    startState: State 1
    states:
    - name: Input
      description: 
      colorIndex: 0
      position:
        serializedVersion: 2
        x: 55
        y: 110
        width: 101.333336
        height: 16
      isBreakpoint: 0
      isSequence: 0
      hideUnused: 0
      transitions: []
      actionData:
        actionNames:
        - HutongGames.PlayMaker.Actions.GetAxisVector
        - HutongGames.PlayMaker.Actions.ControllerMove
        - HutongGames.PlayMaker.Actions.ControllerSimpleMove
        customNames:
        - 
        - 
        - 
        actionEnabled: 010101
        actionIsOpen: 010101
        actionStartIndex: 00000000070000000b000000
        actionHashCodes: b691f70363b78b0433d61603
        unityObjectParams: []
        fsmGameObjectParams:
        - useVariable: 0
          name: 
          tooltip: 
          showInInspector: 0
          networkSync: 0
          value: {fileID: 0}
        fsmOwnerDefaultParams:
        - ownerOption: 1
          gameObject:
            useVariable: 0
            name: 
            tooltip: 
            showInInspector: 0
            networkSync: 0
            value: {fileID: 5425282834993646770}
        - ownerOption: 1
          gameObject:
            useVariable: 0
            name: 
            tooltip: 
            showInInspector: 0
            networkSync: 0
            value: {fileID: 5425282834993646770}
        animationCurveParams: []
        functionCallParams: []
        fsmTemplateControlParams: []
        fsmEventTargetParams: []
        fsmPropertyParams: []
        layoutOptionParams: []
        fsmStringParams:
        - useVariable: 0
          name: 
          tooltip: 
          showInInspector: 0
          networkSync: 0
          value: Horizontal
        - useVariable: 0
          name: 
          tooltip: 
          showInInspector: 0
          networkSync: 0
          value: Vertical
        fsmObjectParams: []
        fsmVarParams: []
        fsmArrayParams: []
        fsmEnumParams: []
        fsmFloatParams:
        - useVariable: 1
          name: SpeedMultiplier
          tooltip: 
          showInInspector: 0
          networkSync: 0
          value: 3
        - useVariable: 1
          name: InputMagnitude
          tooltip: 
          showInInspector: 0
          networkSync: 0
          value: 0
        - useVariable: 0
          name: 
          tooltip: 
          showInInspector: 0
          networkSync: 0
          value: 1
        fsmIntParams: []
        fsmBoolParams:
        - useVariable: 0
          name: 
          tooltip: 
          showInInspector: 0
          networkSync: 0
          value: 1
        fsmVector2Params: []
        fsmVector3Params:
        - useVariable: 1
          name: InputVector
          tooltip: 
          showInInspector: 0
          networkSync: 0
          value: {x: 0, y: 0, z: 0}
        - useVariable: 1
          name: InputVector
          tooltip: 
          showInInspector: 0
          networkSync: 0
          value: {x: 0, y: 0, z: 0}
        - useVariable: 1
          name: Gravity
          tooltip: 
          showInInspector: 0
          networkSync: 0
          value: {x: 0, y: 0, z: 0}
        fsmColorParams: []
        fsmRectParams: []
        fsmQuaternionParams: []
        stringParams: []
        byteData: 000000000000000000000000
        arrayParamSizes: 
        arrayParamTypes: []
        customTypeSizes: 
        customTypeNames: []
        paramDataType: 12000000120000000f00000007000000130000001c0000000f000000140000001c0000000700000011000000140000001c0000000f00000007000000
        paramName:
        - horizontalAxis
        - verticalAxis
        - multiplier
        - mapToPlane
        - relativeTo
        - storeVector
        - storeMagnitude
        - gameObject
        - moveVector
        - space
        - perSecond
        - gameObject
        - moveVector
        - speed
        - space
        paramDataPos: 000000000100000000000000000000000000000000000000010000000000000001000000040000000000000001000000020000000200000008000000
        paramByteDataSize: 000000000000000000000000040000000000000000000000000000000000000000000000040000000000000000000000000000000000000004000000
    - name: State 1
      description: 
      colorIndex: 0
      position:
        serializedVersion: 2
        x: 266
        y: 107
        width: 129.33334
        height: 16
      isBreakpoint: 0
      isSequence: 0
      hideUnused: 0
      transitions: []
      actionData:
        actionNames: []
        customNames: []
        actionEnabled: 
        actionIsOpen: 
        actionStartIndex: 
        actionHashCodes: 
        unityObjectParams: []
        fsmGameObjectParams: []
        fsmOwnerDefaultParams: []
        animationCurveParams: []
        functionCallParams: []
        fsmTemplateControlParams: []
        fsmEventTargetParams: []
        fsmPropertyParams: []
        layoutOptionParams: []
        fsmStringParams: []
        fsmObjectParams: []
        fsmVarParams: []
        fsmArrayParams: []
        fsmEnumParams: []
        fsmFloatParams: []
        fsmIntParams: []
        fsmBoolParams: []
        fsmVector2Params: []
        fsmVector3Params: []
        fsmColorParams: []
        fsmRectParams: []
        fsmQuaternionParams: []
        stringParams: []
        byteData: 
        arrayParamSizes: 
        arrayParamTypes: []
        customTypeSizes: 
        customTypeNames: []
        paramDataType: 
        paramName: []
        paramDataPos: 
        paramByteDataSize: 
    events:
    - name: FINISHED
      isSystemEvent: 1
      isGlobal: 0
    - name: ATTACHED
      isSystemEvent: 0
      isGlobal: 0
    - name: Attached
      isSystemEvent: 0
      isGlobal: 0
    - name: NOTATTACHED
      isSystemEvent: 0
      isGlobal: 0
    globalTransitions:
    - fsmEvent:
        name: ATTACHED
        isSystemEvent: 0
        isGlobal: 0
      toState: Input
      linkStyle: 0
      linkConstraint: 0
      colorIndex: 0
    - fsmEvent:
        name: NOTATTACHED
        isSystemEvent: 0
        isGlobal: 0
      toState: State 1
      linkStyle: 0
      linkConstraint: 0
      colorIndex: 0
    variables:
      floatVariables: []
      intVariables: []
      boolVariables: []
      stringVariables: []
      vector2Variables: []
      vector3Variables: []
      colorVariables: []
      rectVariables: []
      quaternionVariables: []
      gameObjectVariables: []
      objectVariables: []
      materialVariables: []
      textureVariables: []
      arrayVariables: []
      enumVariables: []
      categories:
      - 
      variableCategoryIDs: 
    description: 
    docUrl: 
    showStateLabel: 0
    maxLoopCount: 0
    watermark: 
    password: 
    locked: 0
    manualUpdate: 0
    keepDelayedEventsOnStateExit: 0
    preprocessed: 0
    ExposedEvents: []
    RestartOnEnable: 1
    EnableDebugFlow: 0
    EnableBreakpoints: 1
    editorFlags: 1
    activeStateName: 
    mouseEvents: 0
    handleLevelLoaded: 0
    handleTriggerEnter2D: 0
    handleTriggerExit2D: 0
    handleTriggerStay2D: 0
    handleCollisionEnter2D: 0
    handleCollisionExit2D: 0
    handleCollisionStay2D: 0
    handleTriggerEnter: 0
    handleTriggerExit: 0
    handleTriggerStay: 0
    handleCollisionEnter: 0
    handleCollisionExit: 0
    handleCollisionStay: 0
    handleParticleCollision: 0
    handleControllerColliderHit: 0
    handleJointBreak: 0
    handleJointBreak2D: 0
    handleOnGUI: 0
    handleFixedUpdate: 0
    handleLateUpdate: 0
    handleApplicationEvents: 0
    handleUiEvents: 0
    handleLegacyNetworking: 0
    handleAnimatorMove: 0
    handleAnimatorIK: 0
  fsmTemplate: {fileID: 0}
  eventHandlerComponentsAdded: 0
--- !u!1 &5425282834960032271
GameObject:
  m_ObjectHideFlags: 0
  m_CorrespondingSourceObject: {fileID: 0}
  m_PrefabInstance: {fileID: 0}
  m_PrefabAsset: {fileID: 0}
  serializedVersion: 6
  m_Component:
  - component: {fileID: 5425282834960032270}
  m_Layer: 0
  m_Name: StrongController_NeckPos
  m_TagString: NeckPosition
  m_Icon: {fileID: 0}
  m_NavMeshLayer: 0
  m_StaticEditorFlags: 0
  m_IsActive: 1
--- !u!4 &5425282834960032270
Transform:
  m_ObjectHideFlags: 0
  m_CorrespondingSourceObject: {fileID: 0}
  m_PrefabInstance: {fileID: 0}
  m_PrefabAsset: {fileID: 0}
  m_GameObject: {fileID: 5425282834960032271}
  m_LocalRotation: {x: -0, y: -0, z: -0, w: 1}
  m_LocalPosition: {x: 0, y: 2, z: 0}
  m_LocalScale: {x: 1, y: 1, z: 1}
  m_Children:
  - {fileID: 8715959750831027269}
  m_Father: {fileID: 5425282834993646765}
  m_RootOrder: 0
  m_LocalEulerAnglesHint: {x: 0, y: 0, z: 0}
--- !u!1 &5425282834993646770
GameObject:
  m_ObjectHideFlags: 0
  m_CorrespondingSourceObject: {fileID: 0}
  m_PrefabInstance: {fileID: 0}
  m_PrefabAsset: {fileID: 0}
  serializedVersion: 6
  m_Component:
  - component: {fileID: 5425282834993646765}
  - component: {fileID: 5425282834993646756}
  - component: {fileID: 3462908787692809553}
  - component: {fileID: 5425282834993646766}
  - component: {fileID: 5425282834993646767}
  - component: {fileID: 5425282834993646764}
  - component: {fileID: 1741847437}
  m_Layer: 9
  m_Name: 'CharacterController_Strong '
  m_TagString: Player
  m_Icon: {fileID: 0}
  m_NavMeshLayer: 0
  m_StaticEditorFlags: 0
  m_IsActive: 1
--- !u!4 &5425282834993646765
Transform:
  m_ObjectHideFlags: 0
  m_CorrespondingSourceObject: {fileID: 0}
  m_PrefabInstance: {fileID: 0}
  m_PrefabAsset: {fileID: 0}
  m_GameObject: {fileID: 5425282834993646770}
  m_LocalRotation: {x: 0, y: 0, z: 0, w: 1}
  m_LocalPosition: {x: -8.06, y: -0.11, z: 6.64}
  m_LocalScale: {x: 1.5883, y: 1.5883, z: 1.5883}
  m_Children:
  - {fileID: 5425282834960032270}
  - {fileID: 5425282833675947739}
  - {fileID: 5425282833184250047}
  - {fileID: 5425282833573576412}
  - {fileID: 5425282834597862386}
  m_Father: {fileID: 0}
  m_RootOrder: 0
  m_LocalEulerAnglesHint: {x: 0, y: 0, z: 0}
--- !u!95 &5425282834993646756
Animator:
  serializedVersion: 3
  m_ObjectHideFlags: 0
  m_CorrespondingSourceObject: {fileID: 0}
  m_PrefabInstance: {fileID: 0}
  m_PrefabAsset: {fileID: 0}
  m_GameObject: {fileID: 5425282834993646770}
  m_Enabled: 1
  m_Avatar: {fileID: 0}
  m_Controller: {fileID: 0}
  m_CullingMode: 0
  m_UpdateMode: 1
  m_ApplyRootMotion: 1
  m_LinearVelocityBlending: 0
  m_WarningMessage: 
  m_HasTransformHierarchy: 1
  m_AllowConstantClipSamplingOptimization: 1
  m_KeepAnimatorControllerStateOnDisable: 0
--- !u!143 &3462908787692809553
CharacterController:
  m_ObjectHideFlags: 0
  m_CorrespondingSourceObject: {fileID: 0}
  m_PrefabInstance: {fileID: 0}
  m_PrefabAsset: {fileID: 0}
  m_GameObject: {fileID: 5425282834993646770}
  m_Material: {fileID: 0}
  m_IsTrigger: 0
  m_Enabled: 1
  serializedVersion: 2
  m_Height: 2
  m_Radius: 0.5
  m_SlopeLimit: 45
  m_StepOffset: 0.3
  m_SkinWidth: 0.08
  m_MinMoveDistance: 0.001
  m_Center: {x: 0, y: 1, z: 0}
--- !u!136 &5425282834993646766
CapsuleCollider:
  m_ObjectHideFlags: 0
  m_CorrespondingSourceObject: {fileID: 0}
  m_PrefabInstance: {fileID: 0}
  m_PrefabAsset: {fileID: 0}
  m_GameObject: {fileID: 5425282834993646770}
  m_Material: {fileID: 0}
  m_IsTrigger: 1
  m_Enabled: 1
  m_Radius: 0.98802036
  m_Height: 2.8754692
  m_Direction: 1
  m_Center: {x: 0, y: 0.9377346, z: 0}
--- !u!136 &5425282834993646767
CapsuleCollider:
  m_ObjectHideFlags: 0
  m_CorrespondingSourceObject: {fileID: 0}
  m_PrefabInstance: {fileID: 0}
  m_PrefabAsset: {fileID: 0}
  m_GameObject: {fileID: 5425282834993646770}
  m_Material: {fileID: 0}
  m_IsTrigger: 0
  m_Enabled: 1
  m_Radius: 0.5
  m_Height: 2.043715
  m_Direction: 1
  m_Center: {x: 0, y: 0.9948485, z: 0}
--- !u!114 &5425282834993646764
MonoBehaviour:
  m_ObjectHideFlags: 0
  m_CorrespondingSourceObject: {fileID: 0}
  m_PrefabInstance: {fileID: 0}
  m_PrefabAsset: {fileID: 0}
  m_GameObject: {fileID: 5425282834993646770}
  m_Enabled: 1
  m_EditorHideFlags: 0
  m_Script: {fileID: 82786459, guid: e743331561ef77147ae48cda9bcb8209, type: 3}
  m_Name: 
  m_EditorClassIdentifier: 
  TargetFSMs: []
--- !u!195 &1741847437
NavMeshAgent:
  m_ObjectHideFlags: 0
  m_CorrespondingSourceObject: {fileID: 0}
  m_PrefabInstance: {fileID: 0}
  m_PrefabAsset: {fileID: 0}
  m_GameObject: {fileID: 5425282834993646770}
  m_Enabled: 1
  m_AgentTypeID: 0
  m_Radius: 0.5
  m_Speed: 3.5
  m_Acceleration: 8
  avoidancePriority: 50
  m_AngularSpeed: 120
  m_StoppingDistance: 0
  m_AutoTraverseOffMeshLink: 1
  m_AutoBraking: 1
  m_AutoRepath: 1
  m_Height: 2
  m_BaseOffset: 0
  m_WalkableMask: 4294967295
  m_ObstacleAvoidanceType: 4
