%YAML 1.1
%TAG !u! tag:unity3d.com,2011:
--- !u!1 &3435844444906905830
GameObject:
  m_ObjectHideFlags: 0
  m_CorrespondingSourceObject: {fileID: 0}
  m_PrefabInstance: {fileID: 0}
  m_PrefabAsset: {fileID: 0}
  serializedVersion: 6
  m_Component:
  - component: {fileID: 3435844444906905831}
  m_Layer: 0
  m_Name: ProjectileObstacle
  m_TagString: Untagged
  m_Icon: {fileID: 0}
  m_NavMeshLayer: 0
  m_StaticEditorFlags: 0
  m_IsActive: 1
--- !u!4 &3435844444906905831
Transform:
  m_ObjectHideFlags: 0
  m_CorrespondingSourceObject: {fileID: 0}
  m_PrefabInstance: {fileID: 0}
  m_PrefabAsset: {fileID: 0}
  m_GameObject: {fileID: 3435844444906905830}
  m_LocalRotation: {x: 0, y: 0, z: 0, w: 1}
  m_LocalPosition: {x: -4.91, y: 1.08, z: 36.67}
  m_LocalScale: {x: 1, y: 1, z: 1}
  m_Children:
  - {fileID: 6290851914872953920}
  - {fileID: 2423242206118761792}
  - {fileID: 5505450123059811171}
  m_Father: {fileID: 0}
  m_RootOrder: 0
  m_LocalEulerAnglesHint: {x: 0, y: 0, z: 0}
--- !u!1 &6142723885640240847
GameObject:
  m_ObjectHideFlags: 0
  m_CorrespondingSourceObject: {fileID: 0}
  m_PrefabInstance: {fileID: 0}
  m_PrefabAsset: {fileID: 0}
  serializedVersion: 6
  m_Component:
  - component: {fileID: 2423242206118761792}
  m_Layer: 0
  m_Name: ArrowSpawn
  m_TagString: Untagged
  m_Icon: {fileID: 0}
  m_NavMeshLayer: 0
  m_StaticEditorFlags: 0
  m_IsActive: 1
--- !u!4 &2423242206118761792
Transform:
  m_ObjectHideFlags: 0
  m_CorrespondingSourceObject: {fileID: 0}
  m_PrefabInstance: {fileID: 0}
  m_PrefabAsset: {fileID: 0}
  m_GameObject: {fileID: 6142723885640240847}
  m_LocalRotation: {x: -0, y: -0, z: -0, w: 1}
  m_LocalPosition: {x: -0.3800001, y: 1.0259598, z: 8.7400055}
  m_LocalScale: {x: 2.4165, y: 3.114, z: 1}
  m_Children: []
  m_Father: {fileID: 3435844444906905831}
  m_RootOrder: 1
  m_LocalEulerAnglesHint: {x: 0, y: 0, z: 0}
--- !u!1 &6290851914872953951
GameObject:
  m_ObjectHideFlags: 0
  m_CorrespondingSourceObject: {fileID: 0}
  m_PrefabInstance: {fileID: 0}
  m_PrefabAsset: {fileID: 0}
  serializedVersion: 6
  m_Component:
  - component: {fileID: 6290851914872953920}
  - component: {fileID: 6290851914872953921}
  - component: {fileID: 6290851914872953922}
  m_Layer: 0
  m_Name: RayCastInfo
  m_TagString: ArrowObstacle
  m_Icon: {fileID: 0}
  m_NavMeshLayer: 0
  m_StaticEditorFlags: 0
  m_IsActive: 1
--- !u!4 &6290851914872953920
Transform:
  m_ObjectHideFlags: 0
  m_CorrespondingSourceObject: {fileID: 0}
  m_PrefabInstance: {fileID: 0}
  m_PrefabAsset: {fileID: 0}
  m_GameObject: {fileID: 6290851914872953951}
  m_LocalRotation: {x: -0, y: -0, z: -0, w: 1}
  m_LocalPosition: {x: -0.3800001, y: 0.5899999, z: -13.209997}
  m_LocalScale: {x: 2.4165, y: 3.114, z: 1}
  m_Children: []
  m_Father: {fileID: 3435844444906905831}
  m_RootOrder: 0
  m_LocalEulerAnglesHint: {x: 0, y: 0, z: 0}
--- !u!65 &6290851914872953921
BoxCollider:
  m_ObjectHideFlags: 0
  m_CorrespondingSourceObject: {fileID: 0}
  m_PrefabInstance: {fileID: 0}
  m_PrefabAsset: {fileID: 0}
  m_GameObject: {fileID: 6290851914872953951}
  m_Material: {fileID: 0}
  m_IsTrigger: 0
  m_Enabled: 1
  serializedVersion: 2
  m_Size: {x: 1, y: 1, z: 0.50917625}
  m_Center: {x: 0, y: 0, z: 0.24541187}
--- !u!65 &6290851914872953922
BoxCollider:
  m_ObjectHideFlags: 0
  m_CorrespondingSourceObject: {fileID: 0}
  m_PrefabInstance: {fileID: 0}
  m_PrefabAsset: {fileID: 0}
  m_GameObject: {fileID: 6290851914872953951}
  m_Material: {fileID: 0}
  m_IsTrigger: 1
  m_Enabled: 1
  serializedVersion: 2
  m_Size: {x: 1, y: 1, z: 1.0545273}
  m_Center: {x: 0, y: 0, z: 0.027263641}
--- !u!1 &6461705118712575875
GameObject:
  m_ObjectHideFlags: 0
  m_CorrespondingSourceObject: {fileID: 0}
  m_PrefabInstance: {fileID: 0}
  m_PrefabAsset: {fileID: 0}
  serializedVersion: 6
  m_Component:
  - component: {fileID: 5505450123059811171}
  - component: {fileID: 8288678643279118196}
  - component: {fileID: 8639721999742793665}
  - component: {fileID: 8561810401934477300}
  - component: {fileID: 4053327802365080813}
  - component: {fileID: 6290851912975454262}
  m_Layer: 0
  m_Name: ProjectileTest
  m_TagString: Untagged
  m_Icon: {fileID: 0}
  m_NavMeshLayer: 0
  m_StaticEditorFlags: 0
  m_IsActive: 1
--- !u!4 &5505450123059811171
Transform:
  m_ObjectHideFlags: 0
  m_CorrespondingSourceObject: {fileID: 0}
  m_PrefabInstance: {fileID: 0}
  m_PrefabAsset: {fileID: 0}
  m_GameObject: {fileID: 6461705118712575875}
  m_LocalRotation: {x: -0, y: -0, z: -0, w: 1}
  m_LocalPosition: {x: -0.3800001, y: 0.5899999, z: 10.410004}
  m_LocalScale: {x: 2.4165, y: 3.114, z: 1}
  m_Children: []
  m_Father: {fileID: 3435844444906905831}
  m_RootOrder: 2
  m_LocalEulerAnglesHint: {x: 0, y: 0, z: 0}
--- !u!33 &8288678643279118196
MeshFilter:
  m_ObjectHideFlags: 0
  m_CorrespondingSourceObject: {fileID: 0}
  m_PrefabInstance: {fileID: 0}
  m_PrefabAsset: {fileID: 0}
  m_GameObject: {fileID: 6461705118712575875}
  m_Mesh: {fileID: 10202, guid: 0000000000000000e000000000000000, type: 0}
--- !u!23 &8639721999742793665
MeshRenderer:
  m_ObjectHideFlags: 0
  m_CorrespondingSourceObject: {fileID: 0}
  m_PrefabInstance: {fileID: 0}
  m_PrefabAsset: {fileID: 0}
  m_GameObject: {fileID: 6461705118712575875}
  m_Enabled: 1
  m_CastShadows: 1
  m_ReceiveShadows: 1
  m_DynamicOccludee: 1
  m_MotionVectors: 1
  m_LightProbeUsage: 1
  m_ReflectionProbeUsage: 1
  m_RenderingLayerMask: 1
  m_RendererPriority: 0
  m_Materials:
  - {fileID: 2100000, guid: 31321ba15b8f8eb4c954353edc038b1d, type: 2}
  m_StaticBatchInfo:
    firstSubMesh: 0
    subMeshCount: 0
  m_StaticBatchRoot: {fileID: 0}
  m_ProbeAnchor: {fileID: 0}
  m_LightProbeVolumeOverride: {fileID: 0}
  m_ScaleInLightmap: 1
  m_ReceiveGI: 1
  m_PreserveUVs: 0
  m_IgnoreNormalsForChartDetection: 0
  m_ImportantGI: 0
  m_StitchLightmapSeams: 1
  m_SelectedEditorRenderState: 3
  m_MinimumChartSize: 4
  m_AutoUVMaxDistance: 0.5
  m_AutoUVMaxAngle: 89
  m_LightmapParameters: {fileID: 0}
  m_SortingLayerID: 0
  m_SortingLayer: 0
  m_SortingOrder: 0
--- !u!65 &8561810401934477300
BoxCollider:
  m_ObjectHideFlags: 0
  m_CorrespondingSourceObject: {fileID: 0}
  m_PrefabInstance: {fileID: 0}
  m_PrefabAsset: {fileID: 0}
  m_GameObject: {fileID: 6461705118712575875}
  m_Material: {fileID: 0}
  m_IsTrigger: 0
  m_Enabled: 1
  serializedVersion: 2
  m_Size: {x: 1, y: 1, z: 1}
  m_Center: {x: 0, y: 0, z: 0}
--- !u!114 &4053327802365080813
MonoBehaviour:
  m_ObjectHideFlags: 0
  m_CorrespondingSourceObject: {fileID: 0}
  m_PrefabInstance: {fileID: 0}
  m_PrefabAsset: {fileID: 0}
  m_GameObject: {fileID: 6461705118712575875}
  m_Enabled: 1
  m_EditorHideFlags: 0
  m_Script: {fileID: 1384774831, guid: e743331561ef77147ae48cda9bcb8209, type: 3}
  m_Name: 
  m_EditorClassIdentifier: 
  fsm:
    dataVersion: 2
    usedInTemplate: {fileID: 0}
    name: ShootArrows
    startState: State 1
    states:
    - name: State 1
      description: 
      colorIndex: 0
      position:
        serializedVersion: 2
        x: 54
        y: 108
        width: 100
        height: 16
      isBreakpoint: 0
      isSequence: 0
      hideUnused: 0
      transitions: []
      actionData:
        actionNames: []
        customNames: []
        actionEnabled: 
        actionIsOpen: 
        actionStartIndex: 
        actionHashCodes: 
        unityObjectParams: []
        fsmGameObjectParams: []
        fsmOwnerDefaultParams: []
        animationCurveParams: []
        functionCallParams: []
        fsmTemplateControlParams: []
        fsmEventTargetParams: []
        fsmPropertyParams: []
        layoutOptionParams: []
        fsmStringParams: []
        fsmObjectParams: []
        fsmVarParams: []
        fsmArrayParams: []
        fsmEnumParams: []
        fsmFloatParams: []
        fsmIntParams: []
        fsmBoolParams: []
        fsmVector2Params: []
        fsmVector3Params: []
        fsmColorParams: []
        fsmRectParams: []
        fsmQuaternionParams: []
        stringParams: []
        byteData: 
        arrayParamSizes: 
        arrayParamTypes: []
        customTypeSizes: 
        customTypeNames: []
        paramDataType: 
        paramName: []
        paramDataPos: 
        paramByteDataSize: 
    events:
    - name: FINISHED
      isSystemEvent: 1
      isGlobal: 0
    - name: SpawnArrow
      isSystemEvent: 0
      isGlobal: 0
    globalTransitions: []
    variables:
      floatVariables: []
      intVariables:
      - useVariable: 1
        name: ArrowForce
        tooltip: 
        showInInspector: 0
        networkSync: 0
        value: 10
      boolVariables: []
      stringVariables: []
      vector2Variables: []
      vector3Variables: []
      colorVariables: []
      rectVariables: []
      quaternionVariables: []
      gameObjectVariables: []
      objectVariables: []
      materialVariables: []
      textureVariables: []
      arrayVariables: []
      enumVariables: []
      categories:
      - 
      variableCategoryIDs: 00000000
    description: 
    docUrl: 
    showStateLabel: 0
    maxLoopCount: 0
    watermark: 
    password: 
    locked: 0
    manualUpdate: 0
    keepDelayedEventsOnStateExit: 0
    preprocessed: 0
    ExposedEvents: []
    RestartOnEnable: 1
    EnableDebugFlow: 0
    EnableBreakpoints: 1
    editorFlags: 1
    activeStateName: 
    mouseEvents: 0
    handleLevelLoaded: 0
    handleTriggerEnter2D: 0
    handleTriggerExit2D: 0
    handleTriggerStay2D: 0
    handleCollisionEnter2D: 0
    handleCollisionExit2D: 0
    handleCollisionStay2D: 0
    handleTriggerEnter: 0
    handleTriggerExit: 0
    handleTriggerStay: 0
    handleCollisionEnter: 0
    handleCollisionExit: 0
    handleCollisionStay: 0
    handleParticleCollision: 0
    handleControllerColliderHit: 0
    handleJointBreak: 0
    handleJointBreak2D: 0
    handleOnGUI: 0
    handleFixedUpdate: 0
    handleLateUpdate: 0
    handleApplicationEvents: 0
    handleUiEvents: 0
    handleLegacyNetworking: 0
    handleAnimatorMove: 0
    handleAnimatorIK: 0
  fsmTemplate: {fileID: 0}
  eventHandlerComponentsAdded: 0
--- !u!114 &6290851912975454262
MonoBehaviour:
  m_ObjectHideFlags: 0
  m_CorrespondingSourceObject: {fileID: 0}
  m_PrefabInstance: {fileID: 0}
  m_PrefabAsset: {fileID: 0}
  m_GameObject: {fileID: 6461705118712575875}
  m_Enabled: 1
  m_EditorHideFlags: 0
  m_Script: {fileID: 1384774831, guid: e743331561ef77147ae48cda9bcb8209, type: 3}
  m_Name: 
  m_EditorClassIdentifier: 
  fsm:
    dataVersion: 2
    usedInTemplate: {fileID: 0}
    name: FSM
    startState: LookAtObstacle
    states:
    - name: LookAtObstacle
      description: 
      colorIndex: 0
      position:
        serializedVersion: 2
        x: 55.34375
        y: 110.359375
        width: 134
        height: 32
      isBreakpoint: 0
      isSequence: 0
      hideUnused: 0
      transitions:
      - fsmEvent:
          name: ShootArrow
          isSystemEvent: 0
          isGlobal: 0
        toState: State 1
        linkStyle: 0
        linkConstraint: 0
        colorIndex: 0
      actionData:
        actionNames:
        - HutongGames.PlayMaker.Actions.LookAt
        - HutongGames.PlayMaker.Actions.Raycast
        customNames:
        - 
        - 
        actionEnabled: 0101
        actionIsOpen: 0101
        actionStartIndex: 0000000008000000
        actionHashCodes: d5799805d3bd7b05
        unityObjectParams: []
        fsmGameObjectParams:
        - useVariable: 0
          name: 
          tooltip: 
          showInInspector: 0
          networkSync: 0
          value: {fileID: 6290851914872953951}
        - useVariable: 1
          name: 
          tooltip: 
          showInInspector: 0
          networkSync: 0
          value: {fileID: 0}
        fsmOwnerDefaultParams:
        - ownerOption: 0
          gameObject:
            useVariable: 0
            name: 
            tooltip: 
            showInInspector: 0
            networkSync: 0
            value: {fileID: 0}
        - ownerOption: 0
          gameObject:
            useVariable: 0
            name: 
            tooltip: 
            showInInspector: 0
            networkSync: 0
            value: {fileID: 0}
        animationCurveParams: []
        functionCallParams: []
        fsmTemplateControlParams: []
        fsmEventTargetParams: []
        fsmPropertyParams: []
        layoutOptionParams: []
        fsmStringParams: []
        fsmObjectParams: []
        fsmVarParams: []
        fsmArrayParams: []
        fsmEnumParams: []
        fsmFloatParams:
        - useVariable: 0
          name: 
          tooltip: 
          showInInspector: 0
          networkSync: 0
          value: 30
        - useVariable: 1
          name: 
          tooltip: 
          showInInspector: 0
          networkSync: 0
          value: 0
        fsmIntParams:
        - useVariable: 0
          name: 
          tooltip: 
          showInInspector: 0
          networkSync: 0
          value: 1
        fsmBoolParams:
        - useVariable: 0
          name: 
          tooltip: 
          showInInspector: 0
          networkSync: 0
          value: 1
        - useVariable: 0
          name: 
          tooltip: 
          showInInspector: 0
          networkSync: 0
          value: 1
        - useVariable: 1
          name: 
          tooltip: 
          showInInspector: 0
          networkSync: 0
          value: 0
        - useVariable: 0
          name: 
          tooltip: 
          showInInspector: 0
          networkSync: 0
          value: 0
        - useVariable: 0
          name: 
          tooltip: 
          showInInspector: 0
          networkSync: 0
          value: 1
        fsmVector2Params: []
        fsmVector3Params:
        - useVariable: 1
          name: 
          tooltip: 
          showInInspector: 0
          networkSync: 0
          value: {x: 0, y: 0, z: 0}
        - useVariable: 1
          name: 
          tooltip: 
          showInInspector: 0
          networkSync: 0
          value: {x: 0, y: 0, z: 0}
        - useVariable: 1
          name: 
          tooltip: 
          showInInspector: 0
          networkSync: 0
          value: {x: 0, y: 0, z: 0}
        - useVariable: 0
          name: 
          tooltip: 
          showInInspector: 0
          networkSync: 0
          value: {x: 0, y: 0, z: 1}
        - useVariable: 1
          name: 
          tooltip: 
          showInInspector: 0
          networkSync: 0
          value: {x: 0, y: 0, z: 0}
        - useVariable: 1
          name: 
          tooltip: 
          showInInspector: 0
          networkSync: 0
          value: {x: 0, y: 0, z: 0}
        fsmColorParams:
        - useVariable: 0
          name: 
          tooltip: 
          showInInspector: 0
          networkSync: 0
          value: {r: 1, g: 0.92156863, b: 0.015686275, a: 1}
        - useVariable: 0
          name: 
          tooltip: 
          showInInspector: 0
          networkSync: 0
          value: {r: 0.6981132, g: 0.06392563, b: 0.023050921, a: 1}
        fsmRectParams: []
        fsmQuaternionParams: []
        stringParams:
        - ShootArrow
        byteData: 0101000000
        arrayParamSizes: 00000000
        arrayParamTypes:
        - HutongGames.PlayMaker.FsmInt
        customTypeSizes: 
        customTypeNames: []
        paramDataType: 14000000130000001c0000001c00000011000000110000001900000001000000140000001c0000001c000000070000000f0000001700000011000000130000001c0000001c0000000f000000100000000c000000110000001900000011000000
        paramName:
        - gameObject
        - targetObject
        - targetPosition
        - upVector
        - keepVertical
        - debug
        - debugLineColor
        - everyFrame
        - fromGameObject
        - fromPosition
        - direction
        - space
        - distance
        - hitEvent
        - storeDidHit
        - storeHitObject
        - storeHitPoint
        - storeHitNormal
        - storeHitDistance
        - repeatInterval
        - layerMask
        - invertMask
        - debugColor
        - debug
        paramDataPos: 000000000000000000000000010000000000000001000000000000000000000001000000020000000300000001000000000000000000000002000000010000000400000005000000010000000000000000000000030000000100000004000000
        paramByteDataSize: 000000000000000000000000000000000000000000000000000000000100000000000000000000000000000004000000000000000000000000000000000000000000000000000000000000000000000000000000000000000000000000000000
    - name: State 1
      description: 
      colorIndex: 0
      position:
        serializedVersion: 2
        x: 505.9922
        y: 137.23438
        width: 100
        height: 32
      isBreakpoint: 0
      isSequence: 0
      hideUnused: 0
      transitions:
      - fsmEvent:
          name: FINISHED
          isSystemEvent: 1
          isGlobal: 0
        toState: LookAtObstacle
        linkStyle: 0
        linkConstraint: 0
        colorIndex: 0
      actionData:
        actionNames:
        - HutongGames.PlayMaker.Actions.CreateObject
        - HutongGames.PlayMaker.Actions.Wait
        customNames:
        - 
        - 
        actionEnabled: 0101
        actionIsOpen: 0101
        actionStartIndex: 0000000005000000
        actionHashCodes: bf83c90048c01101
        unityObjectParams: []
        fsmGameObjectParams:
        - useVariable: 0
          name: 
          tooltip: 
          showInInspector: 0
          networkSync: 0
          value: {fileID: 1583405151835638461, guid: 7e02555d0b1cb8949a26c21ea84fd828,
            type: 3}
        - useVariable: 0
          name: 
          tooltip: 
          showInInspector: 0
          networkSync: 0
          value: {fileID: 6142723885640240847}
        - useVariable: 1
          name: 
          tooltip: 
          showInInspector: 0
          networkSync: 0
          value: {fileID: 0}
        fsmOwnerDefaultParams: []
        animationCurveParams: []
        functionCallParams: []
        fsmTemplateControlParams: []
        fsmEventTargetParams: []
        fsmPropertyParams: []
        layoutOptionParams: []
        fsmStringParams: []
        fsmObjectParams: []
        fsmVarParams: []
        fsmArrayParams: []
        fsmEnumParams: []
        fsmFloatParams:
        - useVariable: 0
          name: 
          tooltip: 
          showInInspector: 0
          networkSync: 0
          value: 2
        fsmIntParams: []
        fsmBoolParams: []
        fsmVector2Params: []
        fsmVector3Params:
        - useVariable: 1
          name: 
          tooltip: 
          showInInspector: 0
          networkSync: 0
          value: {x: 0, y: 0, z: 0}
        - useVariable: 0
          name: 
          tooltip: 
          showInInspector: 0
          networkSync: 0
          value: {x: 0, y: 45, z: 0}
        fsmColorParams: []
        fsmRectParams: []
        fsmQuaternionParams: []
        stringParams:
        - FINISHED
        byteData: 00
        arrayParamSizes: 
        arrayParamTypes: []
        customTypeSizes: 
        customTypeNames: []
        paramDataType: 13000000130000001c0000001c000000130000000f0000001700000001000000
        paramName:
        - gameObject
        - spawnPoint
        - position
        - rotation
        - storeObject
        - time
        - finishEvent
        - realTime
        paramDataPos: 0000000001000000000000000100000002000000000000000000000000000000
        paramByteDataSize: 0000000000000000000000000000000000000000000000000000000001000000
    events:
    - name: FINISHED
      isSystemEvent: 1
      isGlobal: 0
    - name: ShootArrow
      isSystemEvent: 0
      isGlobal: 0
    globalTransitions: []
    variables:
      floatVariables: []
      intVariables: []
      boolVariables: []
      stringVariables: []
      vector2Variables: []
      vector3Variables: []
      colorVariables: []
      rectVariables: []
      quaternionVariables: []
      gameObjectVariables: []
      objectVariables: []
      materialVariables: []
      textureVariables: []
      arrayVariables: []
      enumVariables: []
      categories:
      - 
      variableCategoryIDs: 
    description: 
    docUrl: 
    showStateLabel: 0
    maxLoopCount: 0
    watermark: 
    password: 
    locked: 0
    manualUpdate: 0
    keepDelayedEventsOnStateExit: 0
    preprocessed: 0
    ExposedEvents: []
    RestartOnEnable: 1
    EnableDebugFlow: 0
    EnableBreakpoints: 1
    editorFlags: 1
    activeStateName: 
    mouseEvents: 0
    handleLevelLoaded: 0
    handleTriggerEnter2D: 0
    handleTriggerExit2D: 0
    handleTriggerStay2D: 0
    handleCollisionEnter2D: 0
    handleCollisionExit2D: 0
    handleCollisionStay2D: 0
    handleTriggerEnter: 0
    handleTriggerExit: 0
    handleTriggerStay: 0
    handleCollisionEnter: 0
    handleCollisionExit: 0
    handleCollisionStay: 0
    handleParticleCollision: 0
    handleControllerColliderHit: 0
    handleJointBreak: 0
    handleJointBreak2D: 0
    handleOnGUI: 0
    handleFixedUpdate: 0
    handleLateUpdate: 0
    handleApplicationEvents: 0
    handleUiEvents: 0
    handleLegacyNetworking: 0
    handleAnimatorMove: 0
    handleAnimatorIK: 0
  fsmTemplate: {fileID: 0}
  eventHandlerComponentsAdded: 0
